@ARTICLE{codebasedgames,
    author = {Mihir Bellare and Phillip Rogaway},
    title = {Code-Based Game-Playing Proofs and the Security of Triple Encryption},
    journal = {Eurocrypt 2006, LNCS},
    year = {},
    pages = {409--426}
}
