@ARTICLE{codebasedgames,
    author = {Mihir Bellare and Phillip Rogaway},
    title = {Code-Based Game-Playing Proofs and the Security of Triple Encryption},
    journal = {Eurocrypt 2006, LNCS},
    year = {2006},
    pages = {409--426}
}

@ARTICLE{indexedmonads,
    author = {Conor McBride},
    title = {Kleisli Arrows of Outrageous Fortune},
    year = {2011}
}

