@ARTICLE{codebasedgames,
    author = {Mihir Bellare and Phillip Rogaway},
    title = {Code-Based Game-Playing Proofs and the Security of Triple Encryption},
    journal = {Eurocrypt 2006, LNCS},
    year = {2006},
    pages = {409--426}
}

@ARTICLE{gameexamples,
    author = {Victor Shoup},
    title = {Sequences of Games: A Tool for Taming Complexity in Security Proofs},
    year = {2004},
    journal   = {{IACR} Cryptology ePrint Archive},
    volume = {2004}
}

@ARTICLE{indexedmonads,
    author = {Conor McBride},
    title = {Kleisli Arrows of Outrageous Fortune},
    year = {2011}
}

@ARTICLE{randalgscoq,
    author = {Philippe Audebaud and Christine Paulin{-}Mohring},
    title = {Proofs of randomised algorithms in {C}oq},
    year = {2009},
    journal   = {Sci. Comput. Program.},
  volume    = {74},
  number    = {8},
}

@ARTICLE{freemonads,
    author = {Peter Hancock and Anton Setzer},
    title = {Specifying interactions with dependent types},
    year = {2000}
}

@ARTICLE{freetheorems,
    author = {Philip Wadler},
    title = {Theorems for free!},
    year = {1989},
    booktitle = {Functional Programming Languages and Computer Architecture},
    publisher = {ACM Press}
}
@ARTICLE{dtalacarte,
    author = {Wouter Swierstra},
    title = {Data types {\`{a}} la carte},
    year = {2008},
      journal   = {J. Funct. Program.},
  volume    = {18},
  number    = {4},
}

@INPROCEEDINGS{agdatut,
  author    = {Ulf Norell},
  title     = {Dependently typed programming in Agda},
  booktitle = {{TLDI}},
  pages     = {1--2},
  publisher = {{ACM}},
  year      = {2009}
};

@ARTICLE{probfunproghaskell,
    author = {Martin Erwig and Steve Kollmansberger},
    title = {{Functional Pearls}: Probabilistic Functional Programming in {H}askell},
    doi = {10.1017/s0956796805005721},
    issn = {0956-7968},
    journal = {J. Funct. Program.},
    publisher = {Cambridge University Press},
    volume = {16},
    year = {2006}
}


@ARTICLE{fcf,
  author    = {Adam Petcher and Greg Morrisett},
  title     = {The Foundational Cryptography Framework},
  journal   = {CoRR},
  volume    = {abs/1410.3735},
  year      = {2014},
  url       = {http://arxiv.org/abs/1410.3735},
  archivePrefix = {arXiv},
  eprint    = {1410.3735},
  timestamp = {Wed, 07 Jun 2017 14:42:55 +0200},
  biburl    = {http://dblp.org/rec/bib/journals/corr/PetcherM14},
  bibsource = {dblp computer science bibliography, http://dblp.org}
}

@ARTICLE{stochasticlambdacalculus,
    author = {Ramsey, Norman and Pfeffer, Avi},
    booktitle = {POPL '02: Proceedings of the 29th ACM SIGPLAN-SIGACT symposium on Principles of programming languages},
    doi = {10.1145/503272.503288},
    isbn = {1581134509},
    keywords = {monads, probability},
    month = jan,
    number = {1},
    pages = {154--165},
    posted-at = {2006-04-25 19:01:03},
    publisher = {ACM Press},
    title = {{Stochastic lambda calculus and monads of probability distributions}},
    url = {http://dx.doi.org/10.1145/503272.503288},
    volume = {37},
    year = {2002}
}

@book{introtocrypto,
 author = {Katz, Jonathan and Lindell, Yehuda},
 title = {Introduction to Modern Cryptography (Chapman \& Hall/Crc Cryptography and Network Security Series)},
 year = {2007},
 isbn = {1584885513},
 publisher = {Chapman \& Hall/CRC},
}

@book{maclane,
  title={Categories for the Working Mathematician},
  author={Saunders Mac Lane},
  isbn={9780387984032},
  series={Graduate Texts in Mathematics},
  year={1998},
  publisher={Springer New York}
}

@INPROCEEDINGS{monadsforfp,
  author    = {Philip Wadler},
  title     = {Monads for Functional Programming},
  booktitle = {Advanced Functional Programming},
  series    = {Lecture Notes in Computer Science},
  volume    = {925},
  pages     = {24--52},
  publisher = {Springer},
  year      = {1995}
}

@INPROCEEDINGS{tctotallyfree,
  author    = {Conor McBride},
  title     = {Turing-Completeness Totally Free},
  booktitle = {{MPC}},
  series    = {Lecture Notes in Computer Science},
  volume    = {9129},
  pages     = {257--275},
  publisher = {Springer},
  year      = {2015}
}

@ARTICLE{definterp,
 author = {Bach Poulsen, Casper and Rouvoet, Arjen and Tolmach, Andrew and Krebbers, Robbert and Visser, Eelco},
 title = {Intrinsically-typed Definitional Interpreters for Imperative Languages},
 journal = {Proc. ACM Program. Lang.},
 issue_date = {January 2018},
 volume = {2},
 number = {POPL},
 month = dec,
 year = {2017},
 issn = {2475-1421},
 pages = {16:1--16:34},
 articleno = {16},
 numpages = {34},
 url = {http://doi.acm.org/10.1145/3158104},
 doi = {10.1145/3158104},
 acmid = {3158104},
 publisher = {ACM},
}

@INPROCEEDINGS{cataana,
  author    = {Erik Meijer and
               Maarten M. Fokkinga and
               Ross Paterson},
  title     = {Functional Programming with Bananas, Lenses, Envelopes and Barbed
               Wire},
  booktitle = {{FPCA}},
  series    = {Lecture Notes in Computer Science},
  volume    = {523},
  pages     = {124--144},
  publisher = {Springer},
  year      = {1991}
}

@PHDTHESIS{istructures,
  author    = {Peter Hancock},
  title     = {Ordinals and interactive programs},
  school    = {University of Edinburgh, {UK}},
  year      = {2000}
}

@ARTICLE{compnotions,
  author    = {Eugenio Moggi},
  title     = {Notions of Computation and Monads},
  journal   = {Inf. Comput.},
  volume    = {93},
  number    = {1},
  pages     = {55--92},
  year      = {1991}
}

